@misc {something,
    author = "Please delete this entry",
    year = { 2022 }
}
